<mx:record xmlns="http://www.w3.org/TR/xhtml1/strict" xmlns:mx="http://www.loc.gov/MARC21/slim" xmlns:xsi="http://www.w3.org/2001/XMLSchema-instance"><mx:leader>00000nz   2200000n  0000</mx:leader><mx:controlfield tag="001">oca05707927 </mx:controlfield><mx:controlfield tag="005">20020307161426.0</mx:controlfield><mx:controlfield tag="008">020307n| acannaabn          |n aaa      </mx:controlfield><mx:datafield ind1=" " ind2=" " tag="010"><mx:subfield code="a">n 2002024638</mx:subfield></mx:datafield><mx:datafield ind1=" " ind2=" " tag="040"><mx:subfield code="a">DLC</mx:subfield><mx:subfield code="b">eng</mx:subfield><mx:subfield code="c">DLC</mx:subfield></mx:datafield><mx:datafield ind1="0" ind2=" " tag="100"><mx:subfield code="a">Licentius,</mx:subfield><mx:subfield code="c">of Tagaste</mx:subfield></mx:datafield><mx:datafield ind1=" " ind2=" " tag="670"><mx:subfield code="a">Licentius, of Tagaste. Carmen ad Augustinum, 2000:</mx:subfield><mx:subfield code="b">t.p. (Licentii)</mx:subfield></mx:datafield><mx:datafield ind1=" " ind2=" " tag="670"><mx:subfield code="a">Oxford classical dictionary, 1949</mx:subfield><mx:subfield code="b">(Licentius of Tagaste, friend of St. Augustine of Hippo, who wrote a poem dedicated to him in 395)</mx:subfield></mx:datafield><mx:datafield ind1=" " ind2=" " tag="670"><mx:subfield code="a">OCLC</mx:subfield><mx:subfield code="b">(hdg.: Licentius, of Tagaste)</mx:subfield></mx:datafield><mx:datafield ind1=" " ind2=" " tag="999"><mx:subfield code="a">24</mx:subfield></mx:datafield></mx:record>